@incollection{bib:tabu,
  title={Tabu search},
  author={Gendreau, Michel and Potvin, Jean-Yves},
  booktitle={Search methodologies},
  pages={165--186},
  year={2005},
  publisher={Springer}
}

@article{bib:qbf,
  title={The unconstrained binary quadratic programming problem: a survey},
  author={Kochenberger, Gary and Hao, Jin-Kao and Glover, Fred and Lewis, Mark and L{\"u}, Zhipeng and Wang, Haibo and Wang, Yang},
  journal={Journal of combinatorial optimization},
  volume={28},
  number={1},
  pages={58--81},
  year={2014},
  publisher={Springer}
}
