@misc{bib:github,
  author = {Lucas Guesser Targino da Silva},
  title  = {MO824A-combinatorial-optimization},
  year   = 2022,
  note    = {Dispon√≠vel em \url{https://github.com/lucasguesserts/MO824A-combinatorial-optimization}}
}

@article{bib:qbf,
  title     = {The unconstrained binary quadratic programming problem: a survey},
  author    = {Kochenberger, Gary and Hao, Jin-Kao and Glover, Fred and Lewis, Mark and L{\"u}, Zhipeng and Wang, Haibo and Wang, Yang},
  journal   = {Journal of combinatorial optimization},
  volume    = {28},
  number    = {1},
  pages     = {58--81},
  year      = {2014},
  publisher = {Springer}
}

@incollection{bib:grasp,
  title     = {Greedy randomized adaptive search procedures: advances and extensions},
  author    = {Resende, Mauricio GC and Ribeiro, Celso C},
  booktitle = {Handbook of metaheuristics},
  pages     = {169--220},
  year      = {2019},
  publisher = {Springer}
}

@incollection{bib:tabu,
  author    = {Michel Gendreau and Jean-Yves Potvin},
  title     = {Tabu Search},
  editor    = {M. Gendreau and J.-Y. Potvin},
  booktitle = {Handbook of Metaheuristics},
  publisher = {Springer Science+Business Media},
  year      = 2010,
  pages     = {41-56},
  chapter   = 2,
  series    = {International Series in Operations Research \& Management Science},
  volume    = 146,
  doi       = {10.1007/978-1-4419-1665-5}
}


@incollection{bib:genetic,
  title     = {Genetic algorithms},
  author    = {Reeves, Colin R},
  booktitle = {Handbook of metaheuristics},
  pages     = {109--139},
  year      = {2010},
  publisher = {Springer}
}
