@misc{bib:github,
    author = "Lucas Guesser Targino da Silva",
    title  = "MO824A-combinatorial-optimization",
    year   = 2022,
    url    = "\url{https://github.com/lucasguesserts/MO824A-combinatorial-optimization}"
}

@article{bib:qbf-survey,
  title={The unconstrained binary quadratic programming problem: a survey},
  author={Kochenberger, Gary and Hao, Jin-Kao and Glover, Fred and Lewis, Mark and L{\"u}, Zhipeng and Wang, Haibo and Wang, Yang},
  journal={Journal of combinatorial optimization},
  volume={28},
  number={1},
  pages={58--81},
  year={2014},
  publisher={Springer}
}

@incollection{bib:genetic-algorithm,
  title={Genetic algorithms},
  author={Reeves, Colin R},
  booktitle={Handbook of metaheuristics},
  pages={109--139},
  year={2010},
  publisher={Springer}
}