@misc{gurobi,
    author = "Gurobi Optimization, LLC",
    title  = "Gurobi Optimizer Reference Manual",
    year   = 2022,
    url    = "http://www.gurobi.com"
}

@conference{jupyter,
    Title        = {Jupyter Notebooks -- a publishing format for reproducible computational workflows},
    Author       = {Thomas Kluyver and Benjamin Ragan-Kelley and Fernando P{\'e}rez and Brian Granger and Matthias Bussonnier and Jonathan Frederic and Kyle Kelley and Jessica Hamrick and Jason Grout and Sylvain Corlay and Paul Ivanov and Dami{\'a}n Avila and Safia Abdalla and Carol Willing},
    Booktitle    = {Positioning and Power in Academic Publishing: Players, Agents and Agendas},
    Editor       = {F. Loizides and B. Schmidt},
    Organization = {IOS Press},
    Pages        = {87 - 90},
    Year         = {2016}
}

@book{python3,
    author    = {Van Rossum, Guido and Drake, Fred L.},
    title     = {Python 3 Reference Manual},
    year      = {2009},
    isbn      = {1441412697},
    publisher = {CreateSpace},
    address   = {Scotts Valley, CA}
}
