@misc{bib:gurobi,
    author       = {Gurobi Optimization},
    title        = {Gurobi Optimization},
    howpublished = "\url{https://www.gurobi.com/}",
    note         = "[acessado em 2022-03-30]"
}
