@incollection{bib:grasp,
    title     = {Greedy randomized adaptive search procedures: advances and extensions},
    author    = {Resende, Mauricio GC and Ribeiro, Celso C},
    booktitle = {Handbook of metaheuristics},
    pages     = {169--220},
    year      = {2019},
    publisher = {Springer}
}
