@misc{bib:dict-dimension,
    author = "Cambridge Dictionary",
    title  = "dimension",
    year   = 2022,
    url    = "\url{https://dictionary.cambridge.org/dictionary/english/dimension}"
}
