@book{bib:knapsack-problems,
    title     = {Knapsack problems: algorithms and computer implementations},
    author    = {Martello, Silvano and Toth, Paolo},
    year      = {1990},
    publisher = {John Wiley \& Sons, Inc.}
}

@book{bib:logic,
    title     = {Introdu{\c{c}}{\~a}o {\`a} l{\'o}gica},
    author    = {Mortari, Cezar A},
    year      = {2001},
    publisher = {Unesp}
}
